@inproceedings{rajkumar10,
  title={Cyber-physical systems: the next computing revolution},
  author={Rajkumar, Ragunathan and Lee, Insup and Sha, Lui and Stankovic, John},
  booktitle={Proceedings of the 47th design automation conference},
  pages={731--736},
  year={2010}
}

@inproceedings{lee06,
  title={Cyber-physical systems-are computing foundations adequate},
  author={Lee, Edward A},
  booktitle={Position paper for NSF workshop on cyber-physical systems: research motivation, techniques and roadmap},
  volume={2},
  pages={1--9},
  year={2006},
  organization={Austin, TX}
}

@book{milner80,
  title={A calculus of communicating systems},
  author={Milner, Robin},
  year={1980},
  publisher={Springer}
}


@inproceedings{groote21,
  title={Tutorial: designing distributed software in mCRL2},
  author={Groote, Jan Friso and Keiren, Jeroen JA},
  booktitle={International Conference on Formal Techniques for Distributed Objects, Components, and Systems},
  pages={226--243},
  year={2021},
  organization={Springer}
}
